@article{einstein,
    author = "Albert Einstein",
    title = "{Zur Elektrodynamik bewegter K{\"o}rper}. ({German}) [{On} the electrodynamics of moving bodies]",
    journal = "Annalen der Physik",
    volume = "322",
    number = "10",
    pages = "891--921",
    year = "1905",
    DOI = "http://dx.doi.org/10.1002/andp.19053221004"
}

@book{sevendbsinsevenweeks,
    author = "Luc Perkins with Eric Redmond and Jim R. Wilson",
    title = "Seven Databases in Seven Weeks",
    year = "2018",
    publisher = "Andy-Hunt"
}

@misc{wiki_CAP,
    author = "Wikipedia, the free encyclopedia",
    title = "CAP theorem",
    url = "https://en.wikipedia.org/wiki/CAP_theorem"
}

@misc{bloomfilterbyexample,
    author = "Bill Mill",
    title = "Bloom Filters by Example",
    url = "https://llimllib.github.io/bloomfilter-tutorial/"
}